<?xml version="1.0" encoding="UTF-8"?>
<collection xmlns:xsi="http://www.w3.org/2001/XMLSchema-instance" xsi:schemaLocation="http://www.loc.gov/MARC21/slim http://www.loc.gov/standards/marcxml/schema/MARC21slim.xsd" xmlns="http://www.loc.gov/MARC21/slim">
<record>
  <leader>01083cam a22002411  4500</leader>
  <controlfield tag="001">3076308</controlfield>
  <controlfield tag="003">NNC</controlfield>
  <controlfield tag="005">20140922164730.0</controlfield>
  <controlfield tag="008">890317m19401953ua            000 0 arard</controlfield>
  <datafield tag="035" ind1=" " ind2=" ">
    <subfield code="a">(OCoLC)ocm19387160</subfield>
  </datafield>
  <datafield tag="035" ind1=" " ind2=" ">
    <subfield code="9">ATP9895CU</subfield>
  </datafield>
  <datafield tag="035" ind1=" " ind2=" ">
    <subfield code="a">(NNC)3076308</subfield>
  </datafield>
  <datafield tag="040" ind1=" " ind2=" ">
    <subfield code="a">CUY</subfield>
    <subfield code="c">CUY</subfield>
    <subfield code="d">ZCU</subfield>
  </datafield>
  <datafield tag="099" ind1=" " ind2=" ">
    <subfield code="a">893.78</subfield>
    <subfield code="a">Ib533</subfield>
  </datafield>
  <datafield tag="100" ind1="1" ind2=" ">
    <subfield code="a">Ibn ʻAbd Rabbih, Aḥmad ibn Muḥammad,</subfield>
    <subfield code="d">860-940.</subfield>
  </datafield>
  <datafield tag="245" ind1="1" ind2="0">
    <subfield code="a">Kitāb al-ʻiqd al-farīd,</subfield>
    <subfield code="c">taʾlīf Abī ʻAmr Aḥmad ibn Muḥammad ibn ʻAbd Rabbih al-Andalusī. Sharaḥahū wa-ḍabaṭahū wa-ṣaḥḥaḥahū wa-ʻunwān mawḍuʻātahū wa-rattaba fahārisahū Aḥmad Amīn, Aḥmad al-Zayn [wa-]Ibrāhīm al-Abyārī.</subfield>
  </datafield>
  <datafield tag="260" ind1=" " ind2=" ">
    <subfield code="a">al-Qāhirah,</subfield>
    <subfield code="b">Lajnat al-Taʾlīf wa-al-Tarjamah wa-al-Nashr,</subfield>
    <subfield code="c">1940-1953</subfield>
  </datafield>
  <datafield tag="300" ind1=" " ind2=" ">
    <subfield code="a">7v.</subfield>
  </datafield>
  <datafield tag="500" ind1=" " ind2=" ">
    <subfield code="a">Vol. 7: Fahāris al-Kitāb, waḍaʻahū Muḥammad Fuād ʻAbd al-Bāqī [wa-]Muḥammad Rashād ʻAbd al-Muṭṭalib.</subfield>
  </datafield>
  <datafield tag="650" ind1=" " ind2="0">
    <subfield code="a">Arabic literature.</subfield>
  </datafield>
  <datafield tag="650" ind1=" " ind2="0">
    <subfield code="a">Arabic literature</subfield>
    <subfield code="x">History and criticism.</subfield>
  </datafield>
  <datafield tag="700" ind1="1" ind2=" ">
    <subfield code="a">Amīn, Aḥmad,</subfield>
    <subfield code="d">1886-1954.</subfield>
  </datafield>
  <datafield tag="955" ind1=" " ind2=" ">
    <subfield code="b">0114806177</subfield>
    <subfield code="d">glx</subfield>
    <subfield code="e">893.78 Ib533</subfield>
    <subfield code="v">v.2</subfield>
  </datafield>
</record>
</collection>